<collection xmlns="http://www.loc.gov/MARC21/slim">
<record>
  <leader>00507na 0a22001091i 450 </leader>
  <controlfield tag="001">IT\ICCU\CNCE\056049</controlfield>
  <controlfield tag="005">20070717000000.0</controlfield>
  <datafield tag="100" ind1=" " ind2=" ">
    <subfield code="a">20040305             0itac0103    ba</subfield>
  </datafield>
  <datafield tag="101" ind1=" " ind2=" ">
    <subfield code="a">ITA</subfield>
  </datafield>
  <datafield tag="200" ind1="1" ind2=" ">
    <subfield code="a">Translato di latino in uulgare di una littera scripta dallo illustrissimo signore donno Alphonso da Este duca di Ferrara per sua iustificatione allo imperatore et mutatis mutandis a gli altri principi christiani</subfield>
  </datafield>
  <datafield tag="700" ind1=" " ind2="1">
    <subfield code="a">Este,</subfield>
    <subfield code="b">Alfonso : d&apos;</subfield>
    <subfield code="c"> &lt;duca di Ferrara</subfield>
    <subfield code="c"> ; 1.&gt;</subfield>
    <subfield code="3">IT\ICCU\CNCA\005095</subfield>
  </datafield>
  <datafield tag="801" ind1=" " ind2="3">
    <subfield code="a">IT</subfield>
    <subfield code="b">ICCU</subfield>
    <subfield code="c">20201115</subfield>
  </datafield>
</record>
</collection>
